



@online{TSP,
	author = {Wikipedia contributors},
	title = {Travelling salesman problem},
	year = 2016,
	url = {https://en.wikipedia.org/wiki/Travelling_salesman_problem},
	urldate = {2016-11-16}
}